@book{dlbook,
    title={Deep Learning},
    author={Ian Goodfellow and Yoshua Bengio and Aaron Courville},
    publisher={MIT Press},
    note={\url{http://www.deeplearningbook.org}},
    year={2016}
}

@article{hirate,
  title={Generalized Sequential Pattern Mining with Item Intervals.},
  author={Hirate, Yu and Yamana, Hayato},
  journal={JCP},
  volume={1},
  number={3},
  pages={51--60},
  year={2006}
}

@article{randsearch,
 author = {Bergstra, James and Bengio, Yoshua},
 title = {Random Search for Hyper-parameter Optimization},
 journal = {J. Mach. Learn. Res.},
 issue_date = {3/1/2012},
 volume = {13},
 month = feb,
 year = {2012},
 issn = {1532-4435},
 pages = {281--305},
 numpages = {25},
 url = {http://dl.acm.org/citation.cfm?id=2188385.2188395},
 acmid = {2188395},
 publisher = {JMLR.org},
 keywords = {deep learning, global optimization, model selection, neural networks, response surface modeling},
} 

@book{introtodm,
    author = {Tan, Pang-Ning and Steinbach, Michael and Kumar, Vipin},
    howpublished = {Paperback},
    isbn = {0321420527},
    keywords = {data-mining-books},
    month = jun,
    posted-at = {2007-04-12 17:55:26},
    priority = {2},
    publisher = {Addison Wesley},
    title = {{Introduction to Data Mining}},
    url = {http://www.worldcat.org/isbn/0321420527},
    year = {2006}
}

@inproceedings{dbscan,
 author = {Ester, Martin and Kriegel, Hans-Peter and Sander, J\"{o}rg and Xu, Xiaowei},
 title = {A Density-based Algorithm for Discovering Clusters in Large Spatial Databases with Noise},
 booktitle = {Proceedings of the Second International Conference on Knowledge Discovery and Data Mining},
 series = {KDD'96},
 year = {1996},
 location = {Portland, Oregon},
 pages = {226--231},
 numpages = {6},
 url = {http://dl.acm.org/citation.cfm?id=3001460.3001507},
 acmid = {3001507},
 publisher = {AAAI Press},
 keywords = {arbitrary shape of clusters, clustering algorithms, efficiency on large spatial databases, handling nlj4-275oise},
} 
